<record><leader>00000cas a22000007a 4500</leader><controlfield tag="001">18390881</controlfield><controlfield tag="008">880823d19001903ohucr ne      0    0eng d</controlfield><datafield ind1=" " ind2=" " tag="010"><subfield code="a">sn 88078788 </subfield></datafield><datafield ind1=" " ind2=" " tag="040"><subfield code="a">ONP</subfield><subfield code="b">eng</subfield><subfield code="c">ONP</subfield><subfield code="d">OCLCQ</subfield></datafield><datafield ind1=" " ind2=" " tag="042"><subfield code="a">msc</subfield></datafield><datafield ind1="0" ind2=" " tag="130"><subfield code="a">Newark American-tribune (Newark, Ohio : 1900)</subfield></datafield><datafield ind1="1" ind2="4" tag="245"><subfield code="a">The Newark American-tribune.</subfield></datafield><datafield ind1=" " ind2=" " tag="260"><subfield code="a">Newark, Ohio :</subfield><subfield code="b">Addison C. Dickinson,</subfield><subfield code="c">1900-1903.</subfield></datafield><datafield ind1=" " ind2=" " tag="310"><subfield code="a">Semiweekly</subfield></datafield><datafield ind1="0" ind2=" " tag="362"><subfield code="a">Vol. 16, no. 18 (Jan. 30, 1900)-Mar. 31, 1903.</subfield></datafield><datafield ind1=" " ind2=" " tag="752"><subfield code="a">United States</subfield><subfield code="b">Ohio</subfield><subfield code="c">Licking</subfield><subfield code="d">Newark.</subfield></datafield><datafield ind1="0" ind2=" " tag="775"><subfield code="t">Daily American tribune (Newark, Ohio)</subfield><subfield code="w">(DLC)sn 88078785</subfield></datafield><datafield ind1="0" ind2="0" tag="780"><subfield code="t">Newark weekly American-tribune (Newark, Ohio)</subfield><subfield code="w">(DLC)sn 88078790</subfield></datafield><datafield ind1="0" ind2="0" tag="785"><subfield code="t">American tribune (Newark, Ohio : 1903 : Semiweekly)</subfield><subfield code="w">(DLC)sn 88078787</subfield></datafield></record>